


@inproceedings{
diffusion,
title={Score-Based Generative Modeling through Stochastic Differential Equations},
author={Yang Song and Jascha Sohl-Dickstein and Diederik P Kingma and Abhishek Kumar and Stefano Ermon and Ben Poole},
booktitle={International Conference on Learning Representations},
year={2021}
}

@article{vincent,
    author = {Pascal Vincent},
    title = {A Connection between Score Matching and Denoising Autoencoders},
    journal ={Neural Computation} ,
    year ={2011},
  Volume= {23(7)},
pages = {1661–1674}
}




@inproceedings{DDPM,
title={Denoising Diffusion Implicit Models},
author={Jiaming Song and Chenlin Meng and Stefano Ermon},
booktitle={International Conference on Learning Representations},
year={2021}}

@inproceedings{
DDIM,
title={Denoising Diffusion Implicit Models},
author={Jiaming Song and Chenlin Meng and Stefano Ermon},
booktitle={International Conference on Learning Representations},
year={2021}
}

@inproceedings{Consistency,
author = {Song, Yang and Dhariwal, Prafulla and Chen, Mark and Sutskever, Ilya},
title = {Consistency models},
year = {2023},
booktitle = {Proceedings of the 40th International Conference on Machine Learning},
}

@inproceedings{
song_2,
title={Maximum Likelihood Training of Score-Based Diffusion Models},
author={Yang Song and Conor Durkan and Iain Murray and Stefano Ermon},
booktitle={Advances in Neural Information Processing Systems}
year={2021}
}


@inproceedings{
VAE_diffusion,
title={Score-based Generative Modeling in Latent Space},
author={Arash Vahdat and Karsten Kreis and Jan Kautz},
booktitle={Advances in Neural Information Processing Systems},
year={2021}
}


@inproceedings{
Analytic_DPM,
title={Analytic-{DPM}: an Analytic Estimate of the Optimal Reverse Variance in Diffusion Probabilistic Models},
author={Fan Bao and Chongxuan Li and Jun Zhu and Bo Zhang},
booktitle={International Conference on Learning Representations},
year={2022}}


@article{Kobyzev_2021,
   title={Normalizing Flows: An Introduction and Review of Current Methods},
   volume={43},
   ISSN={1939-3539},
   DOI={10.1109/tpami.2020.2992934},
   number={11},
   journal={IEEE Transactions on Pattern Analysis and Machine Intelligence},
   publisher={Institute of Electrical and Electronics Engineers (IEEE)},
   author={Kobyzev, Ivan and Prince, Simon J.D. and Brubaker, Marcus A.},
   year={2021},
   month=nov, pages={3964–3979} }

@misc{High_synthesis,
      title={High-Resolution Image Synthesis with Latent Diffusion Models}, 
      author={Robin Rombach and Andreas Blattmann and Dominik Lorenz and Patrick Esser and Björn Ommer},
      year={2021},
      eprint={2112.10752},
      archivePrefix={arXiv},
      primaryClass={cs.CV}
}


@misc{Unet,
      title={U-Net: Convolutional Networks for Biomedical Image Segmentation}, 
      author={Olaf Ronneberger and Philipp Fischer and Thomas Brox},
      year={2015},
      eprint={1505.04597},
      archivePrefix={arXiv},
      primaryClass={cs.CV}
}
@inproceedings{Inverse,
    author ={Hyungjin Chung and 
 Jeongsol Kim and 
 Michael T. Mccann and 
  Marc L. Klasky and Jong Chul Ye} ,
    title ={Diffusion Posterior Sampling For General
Noisy Inverse Problems} ,
    booktitle ={International Conference on Learning Representations} ,
    year = {2023}
}


@inproceedings{score_based_SDE,
    author ={Yang Song and Jascha Sohl-Dickstein and Diederik P. Kingma and Abhishek Kumar and Stefano Ermon and Ben Poole} ,
    title ={SCORE-BASED GENERATIVE MODELING THROUGH
STOCHASTIC DIFFERENTIAL EQUATIONS} ,
    booktitle ={International Conference on Learning Representations  } ,
    year = {2021}
}

@article{detemple,
    author ={Jerome Detemple and  Rene Garcia and  Marcel Rindisbacher} ,
    title ={Asymptotic properties of Monte Carlo estimators
of diffusion processes} ,
    journal ={Journal of Econometrics} ,
    year = {2006},
volume={134},
pages={1-68}
}

@article{Anderson1982ReversetimeDE,
  title={Reverse-time diffusion equation models},
  author={Brian. D. O. Anderson},
  journal={Stochastic Processes and their Applications},
  year={1982},
  volume={12},
  pages={313-326}
}

@inproceedings{MRI_prior,
    author ={Ajil Jalal, Marius Arvinte, Giannis Daras, Eric Price, Alexandros G. Dimakis, Jonathan I. Tamir} ,
    title ={Robust Compressed Sensing MRI with Deep Generative Priors} ,
    year ={2021} 
}


@inproceedings{pseudoinverse,
  title={Pseudoinverse-guided diffusion models for inverse problems},
  author={Song, Jiaming and Vahdat, Arash and Mardani, Morteza and Kautz, Jan},
  booktitle={International Conference on Learning Representations},
  year={2023}
}



@inproceedings{
red_diff,
title={A Variational Perspective on Solving Inverse Problems with Diffusion Models},
author={Morteza Mardani and Jiaming Song and Jan Kautz and Arash Vahdat},
booktitle={The Twelfth International Conference on Learning Representations},
year={2024}
}


@inproceedings{song2023pseudoinverse,
  title={Pseudoinverse-guided diffusion models for inverse problems},
  author={Song, Jiaming and Vahdat, Arash and Mardani, Morteza and Kautz, Jan},
  booktitle={International Conference on Learning Representations},
  year={2023}
}

@inproceedings{ddrm,
    author ={Bahjat Kawar and  Michael Elad and Stefano Ermon and Jiaming Song} ,
    title ={ Denoising diffusion restoration
models} ,
    booktitle ={ICLR Workshop on Deep Generative Models for Highly Structured Data} ,
    year = {2022}
}

@inproceedings{
MCG,
title={Improving Diffusion Models for Inverse Problems using Manifold Constraints},
author={Hyungjin Chung and Byeongsu Sim and Dohoon Ryu and Jong Chul Ye},
booktitle={Advances in Neural Information Processing Systems},
year={2022}
}


@article{PnP,
    author ={Stanley H Chan and  Xiran Wang and Omar A Elgendy} ,
    title ={Plug-and-play admm for image restoration:
Fixed-point convergence and applications} ,
    journal ={IEEE Transactions on Computational Imaging} ,
    year = {2016},
volume = {3(1)},
page = {84–98}
}

@misc{vae_model,
      title={Auto-Encoding Variational Bayes}, 
      author={Diederik P Kingma and Max Welling},
      year={2022},
      eprint={1312.6114},
      archivePrefix={arXiv},
      primaryClass={stat.ML}
}


@article{ddnm,
  title={Zero-Shot Image Restoration Using Denoising Diffusion Null-Space Model},
  author={Wang, Yinhuai and Yu, Jiwen and Zhang, Jian},
  journal={The Eleventh International Conference on Learning Representations},
  year={2023}
}

@misc{papamakarios2021normalizing,
      title={Normalizing Flows for Probabilistic Modeling and Inference}, 
      author={George Papamakarios and Eric Nalisnick and Danilo Jimenez Rezende and Shakir Mohamed and Balaji Lakshminarayanan},
      year={2021},
      eprint={1912.02762},
      archivePrefix={arXiv},
      primaryClass={stat.ML}
}


@article{DZGS202401008,
author = {吴静 and 邵文莎 and 祝珊珊 and 周先春},
title = {高斯曲率与波域LMS算法相结合的图像去噪扩散模型},
journal = {信息化研究},
volume = {50},
number = {01},
pages = {45-52+62},
year = {2024},
issn = {1674-4888},
doi ={}
}

@article{DM_review,
author = {薛永航 and 白帆 and 李娜},
title = {基于扩散模型的图像去噪方法研究},
journal = {装备制造技术},
volume = {},
number = {08},
pages = {67-70},
year = {2023},
issn = {1672-545X},
doi ={}
}

